
@article{xu2022fast,
  title={Fast-lio2: Fast direct lidar-inertial odometry},
  author={Xu, Wei and Cai, Yixi and He, Dongjiao and Lin, Jiarong and Zhang, Fu},
  journal={IEEE Transactions on Robotics},
  volume={38},
  number={4},
  pages={2053--2073},
  year={2022},
  publisher={IEEE}
}

@misc{livox_laser_simulation,
  author = {{Livox}},
  title = {Livox Laser Simulation},
  howpublished = {\url{https://github.com/Livox-SDK/livox_laser_simulation}},
  note = {Accessed: 21-09-2024}
}

@misc{livox_lidar_simulation_fork,
  author = {{Livox and Enway}},
  title = {Livox Lidar Simulation},
  howpublished = {\url{https://github.com/enwaytech/livox_laser_simulation}},
  note = {Accessed: 21-09-2024}
}